<?xml version="1.0" encoding="UTF-8"?><record xmlns="http://www.loc.gov/MARC21/slim" xmlns:cinclude="http://apache.org/cocoon/include/1.0" xmlns:zs="http://www.loc.gov/zing/srw/">
  <leader>00618nz  a2200157n  4500</leader>
  <controlfield tag="001">no2003097687</controlfield>
  <controlfield tag="003">DLC</controlfield>
  <controlfield tag="005">20030930052126.0</controlfield>
  <controlfield tag="008">030929n| acannaabn          |n aaa     c</controlfield>
  <datafield tag="010" ind1=" " ind2=" ">
    <subfield code="a">no2003097687</subfield>
  </datafield>
  <datafield tag="035" ind1=" " ind2=" ">
    <subfield code="a">(OCoLC)oca06164910</subfield>
  </datafield>
  <datafield tag="040" ind1=" " ind2=" ">
    <subfield code="a">HkUST</subfield>
    <subfield code="b">eng</subfield>
    <subfield code="c">HkUST</subfield>
  </datafield>
  <datafield tag="100" ind1="1" ind2=" ">
    <subfield code="a">Ouyang, Guang,</subfield>
    <subfield code="d">1953-</subfield>
  </datafield>
  <datafield tag="667" ind1=" " ind2=" ">
    <subfield code="a">Formerly on undifferentiated name record: n  85253258.</subfield>
  </datafield>
  <datafield tag="670" ind1=" " ind2=" ">
    <subfield code="a">Li, Y. Li Li-weng hsi chuĚ hsuĚan, 1984:</subfield>
    <subfield code="b">t.p. (Ou-yang Kuang)</subfield>
  </datafield>
  <datafield tag="670" ind1=" " ind2=" ">
    <subfield code="a">Liu Yong, Su Shi, Qin Guan yu Song dai wen hua, 2001:</subfield>
    <subfield code="b">p. 334 (Ouyang Guang; male; b. 1953, Sichuan Chengdu; MA, Guangzhou Zhongshan da xue; prof, Zhongshan da xue)</subfield>
  </datafield>
</record>